2618 4522
597 278 778 327 ·‚·²l'···
873 285 890 339 j

163 439 216 488 act
229 424 475 508 unumquodque
497 419 608 482 vitium
629 430 714 483 vetat
735 419 906 509 succipere.
959 418 1010 481 Ad
1031 420 1109 482 haec
1131 440 1245 485 causac

166 523 360 587 »efficientes
387 520 513 593 rirtutis
534 519 699 580 universae
720 530 792 579 amit
814 537 851 577 ea
871 518 974 578 omnia
996 517 1066 599 jura
1085 514 1246 604 legitima,
1266 518 1271 527 ’

164 638 263 707 aquae
286 618 410 703 legibue
432 618 472 679 de
495 617 657 699 disciplina
679 615 718 676 ad
745 614 971 696 rempublicam
1000 618 1072 679 utili
1099 637 1250 701 compro·

163 725 279 785 »hensa
303 719 462 800 descripta
483 729 517 779 et
547 715 714 777 constituta
734 726 816 774 sunt.
857 715 908 776 De
929 715 1049 797 privata
1072 738 1152 780 vero
1188 741 1249 799 cu„-

163 824 293 905 »jusque
318 816 500 899 disciplina,
522 833 582 898 qua
602 811 673 895 quis
694 812 835 873 absolute
857 811 1028 874 virbonus
1050 830 1115 894 est,
1136 807 1248 880 utrum

165 921 224 980 »ait
245 914 433 1002 prudentiae
453 911 563 988 civiliS,
583 933 622 971 an
643 912 720 973 alius
740 908 905 986 facultatis,
927 915 1085 992 posterius
1103 915 1167 976 erit
1185 916 1249 978 dis·

166 1016 366 1101 aputandmn.
407 1010 479 1071 Non
500 1019 550 1067 est
570 1009 654 1068 anim
682 1008 831 1070 foruna
852 1007 956 1087 idem,
994 1008 1097 1079 virum
1125 1012 1250 1077 honum

167 1139 277 1193 resse,
306 1126 338 1173 et
362 1105 498 1193 cujusvis
517 1106 650 1168 civitatis
673 1108 774 1169 civem
794 1105 921 1167 bonum.
963 1109 1041 1191 Ejus
1063 1122 1165 1172 autern
1182 1116 1250 1194 jus-

168 1217 272 1291 atitiae
313 1217 473 1296 quaeest
512 1204 630 1288 partis,
668 1203 810 1285 jurisque
839 1206 915 1267 item
944 1206 1030 1288 ejus,
1067 1210 1161 1289 quod,
1184 1213 1251 1292 ipsi

166 1319 429 1389 rio-onsentaneum
462 1313 532 1378 est,
571 1323 632 1364 una
653 1301 777 1382 species
799 1316 864 1382 est,
898 1315 977 1391 quae
998 1306 1031 1366 in
1051 1305 1251 1370 distributio·

167 1427 225 1468 ane
246 1406 298 1468 vel
325 1400 474 1478 honoris,
519 1400 571 1462 vel
590 1400 766 1484 pecuniae,
786 1402 839 1464 vel
860 1403 991 1464 aliarum
1011 1425 1134 1482 rerum,
1163 1402 1252 1487 quac

168 1506 345 1565 »intereos
367 1498 637 1583 dividipoasunt,
681 1494 741 1582 qui
769 1500 911 1584 ejusdem
939 1503 1131 1586 reipublicae
1162 1522 1253 1563 com-

167 1599 332 1660 »munione
361 1597 445 1658 inter·
477 1618 511 1658 se
540 1597 700 1680 conjuncti
721 1610 810 1672 aunt,
841 1614 1005 1677 vomatur,
1028 1604 1074 1659 -in
1095 1601 1143 1660 his
1165 1601 1254 1661 enim

168 1712 255 1773 aest,
285 1708 322 1755 ut
341 1694 421 1755 alter
442 1714 514 1755 cum
534 1695 635 1753 altero
654 1705 687 1752 et
706 1711 842 1773 acquum
862 1707 896 1753 et
915 1695 1057 1778 iniquum
1077 1715 1255 1780 consequa-

168 1812 248 1858 ntur.
296 1794 405 1854 Altera
436 1810 527 1876 quae⁸
548 1791 582 1850 in
610 1788 708 1850 rebus
729 1790 952 1863 contrahendis
994 1797 1057 1856 vim
1078 1792 1252 1873 corrigen-

168 1895 219 1955 adi
258 1905 351 1977 atque
398 1887 585 1951 emendandi
624 1885 729 1948 habet.
769 1889 872 1971 Hujus
915 1909 1016 1970 porro
1056 1889 1135 1951 duae
1176 1908 1255 1954 sunt

168 2005 313 2076 spartes,
348 2001 568 2051 contractuum
598 1984 754 2048 enim'alii
776 2001 889 2069 sponte
910 2003 1037 2066 nostra,
1076 1989 1129 2048 alii
1156 1987 1254 2082 nobis

169 2089 292 2151 »invitis
321 2084 409 2149 liunt.
463 2086 584 2169 Sponte
614 2082 695 2145 fiunt
725 2087 862 2169 exempli
893 2107 984 2149 causa
1014 2088 1066 2166 hi,
1096 2086 1256 2167 venditio,

170 2187 303 2264 aemfio,
322 2194 475 2262 mutuum,
496 2181 678 2265 fidejussio,
701 2185 953 2264 commodatum,
975 2186 1172 2268 depositum,
1205 2182 1257 2246 lo·

170 2287 271 2349 acatio
291 2299 327 2347 et
348 2281 529 2347 conductio.
570 2280 729 2342 Dicuntur
750 2270 829 2345 viro
847 2284 965 2367 sponte
987 2281 1077 2360 fiori,
1099 2282 1172 2365 quia
1193 2283 1258 2344 ho-

112 2418 117 2429 =
170 2407 262 2447 arum
284 2396 502 2447 contractuum
522 2381 716 2465 principium
736 2395 785 2456 cst
805 2368 838 2443 iu
867 2397 975 2446 nostra
1002 2382 1163 2446 voluntate
1193 2368 1282 2464 pos

172 2483 295 2545 asitum.
347 2479 469 2543 Eorum
489 2490 612 2556 autem,
640 2479 696 2563 qui
720 2477 812 2541 nobis
840 2480 946 2543 invitis
974 2480 1071 2555 liunt,
1101 2478 1153 2537 alii
1180 2484 1259 2543 suut

173 2579 394 2658 »clandestini,
420 2591 457 2641 ut
484 2577 623 2653 lurtum,
654 2577 862 2659 adulterium,
898 2579 1106 2654 veneficium,
1134 2570 1259 2637 lenoci-

174 2678 294 2754 anium,
336 2677 422 2739 servi
450 2675 544 2739 alieni
564 2677 750 2757 corruptio,
773 2677 885 2740 caedes
906 2680 981 2742 dolo
1002 2677 1119 2757 facta,
1142 2666 1259 2741 falsum

174 2775 416 2838 »testimonium
466 2774 529 2840 Alii
556 2786 628 2834 aunt
650 2773 816 2860 uiolenti,
858 2791 894 2838 ut
918 2776 1076 2856 verbera,
1112 2778 1260 2857 vincula,

175 2894 301 2963 amore,
338 2868 463 2958 rapina,
505 2872 680 2936 debilitatio
702 2875 870 2957 corporis,
890 2870 1112 2954 maledictum,
1144 2888 1261 2939 contue

72 2998 78 3007 ¹
176 2970 315 3031 amelia«
388 3030 391 3037 f
418 3016 421 3021 -

171 3108 175 3131 .
236 3071 295 3132 His
318 3054 474 3151 omnibus,
490 3075 589 3156 ‘atquc
608 3060 684 3131 toto¹
697 3069 875 3132 ethicorum
885 3072 968 3135 libro
985 3075 1107 3158 quinto,
1130 3058 1271 3137 Aristo-¹

176 3172 256 3234 tales
274 3172 331 3231 *ex
350 3190 421 3231 mea
449 3170 602 3232 sententia
623 3165 691 3228 sere
723 3189 831 3230 omncs
847 3185 880 3261 pt
899 3171 1079 3254 priorarat
1099 3173 1260 3255 posterio·
1276 3216 1287 3251 2,

176 3292 251 3347 roa,
279 3284 342 3332 tam
360 3269 480 3331 veteris
499 3290 591 3352 quam
615 3266 712 3333 medii
732 3267 811 3359 aeni,
830 3269 1039 3353 philosophos
1071 3273 1166 3354 longe
1182 3272 1260 3357 qui·

178 3371 251 3430 dem
272 3369 433 3449 superarit
440 3389 450 3445 3
472 3380 503 3428 at
522 3378 638 3450 quanto
656 3368 871 3447 superaverit,
896 3390 960 3429 uon
978 3369 1051 3431 satis
1067 3372 1197 3433 ridetur
1219 3373 1260 3437 ab

139 3488 143 3508 ·
178 3469 283 3551 aliquo
305 3484 500 3549 perpensum
519 3483 608 3540 csse,
630 3477 703 3524 cum
714 3464 768 3523 illa
784 3464 850 3546 ipsa
870 3467 1030 3551 quaestio,
1054 3469 1152 3552 qualis
1174 3470 1262 3533 inter

180 3566 314 3628 edricum
330 3577 364 3625 et
386 3562 465 3646 juris
482 3561 657 3623 doctrinam
674 3583 773 3623 nexus
797 3566 847 3641 sit,
873 3566 1044 3624 multorum
1064 3567 1196 3647 quidem*
1214 3568 1263 3629 in·

180 3654 273 3745 genia
294 3660 517 3743 occupaverit,
539 3659 681 3721 sednon
709 3681 816 3733 omnes
844 3662 894 3740 hi,
916 3662 980 3722 imo
1008 3662 1143 3723 sortasse
1165 3683 1263 3725 nemo

156 3781 261 3821 =unus
283 3760 428 3841 ipsorum
448 3778 549 3842 usque
571 3756 610 3818 ad
632 3773 740 3820 nostra
759 3768 904 3841 tempora
934 3781 968 3821 se
991 3762 1102 3822 cadom
1122 3779 1261 3845 occupa·

119 3858 140 3881 “
181 3852 249 3920 tiun
271 3875 363 3933 esse,
385 3869 438 3947 aut
460 3862 615 3941 quaenam,
632 3875 671 3916 ex
694 3857 885 3940 quaestionis
906 3857 988 3919 illius
1010 3857 1169 3919 solutione
1192 3880 1261 3942 gra·

125 4000 139 4027 -s
183 3956 308 4017 vissima
329 3953 524 4016 consectaria
555 3965 671 4031 essent,
690 3954 894 4022 intellexerit.
935 3952 1039 4040 Atque
1071 3955 1134 4016 hoc
1167 3957 1260 4025 etiam

90 4088 93 4093 ·
184 4053 216 4119 in
240 4073 332 4116 causa
353 4044 423 4143 eise
444 4050 588 4130 videtur,
610 4052 698 4141 quod
717 4050 819 4114 nullus
852 4054 936 4114 inter
958 4054 1145 4143 Aristotelis
1179 4058 1259 4120 cone

843 4229 922 4284 i·-

1217 4306 1253 4335 π’.

1186 4348 1192 4379 i
