2602 4538
489 267 532 307 ..¹
574 262 609 322 ,3
645 295 690 310 ,-

48 440 127 492 cunt
152 445 216 488 »ex
230 440 366 510 quorum
385 425 577 508 posteriorc
588 411 641 486 fu
649 445 764 508 saepe,
803 438 839 486 ut
860 430 1009 490 omnium
1025 451 1131 512 praes-
1236 490 1240 499 ,
1269 420 1274 429 ’

51 525 244 593 ιιιιιιιιιιιιιιι
264 524 425 587 virtutum
435 522 581 585 videatur
601 544 671 585 esse
692 525 834 614 justitia,
868 522 908 603 ,ιιι
929 547 990 598 nec,
1009 533 1132 614 Hespe

55 640 126 693 erus
147 643 211 685 nec
231 592 360 701 Lucifer
380 633 464 682 tanta
484 628 533 682 est
553 619 757 684 admiratione
772 623 909 707 diguus,
931 622 1132 741 solemusque

52 702 238 808 proverbii
257 721 328 785 vice
349 718 499 802 proferre
520 704 615 781 illud.
659 721 784 807 lustitia
814 746 877 786 una
905 726 978 787 alias
998 728 1132 819 virtutes
1171 778 1173 784 ,
1272 765 1274 769 ν

51 824 216 895 »continet
246 839 373 895 omnes,
409 832 442 880 et
467 820 618 901 perfecta
648 843 789 883 ntaxrme
820 827 942 900 uirtus,
986 827 1134 895 nimirum

51 919 251 1006 »perfectae
257 912 383 981 vlrtu'tis
403 937 478 978 usus
500 930 557 978 est.
600 918 681 979 Illud
711 932 833 997 autem,
875 921 963 1003 quod
983 915 1135 1004 perfecta

13 1046 27 1119 ι·
52 1022 173 1082 »uirtus
190 1017 307 1095 haec
299 1029 377 1098 est,
413 1016 486 1076 inde
509 1029 574 1095 est,
615 1017 703 1100 quia,
737 1018 800 1102 qui
822 1039 858 1079 oa
884 1018 1046 1101 praeditus
1075 1037 1135 1103 est,

55 1122 173 1180 »etiam
192 1139 264 1181 rum
287 1119 371 1198 aliis
392 1132 421 1178 et
444 1137 524 1194 erga
546 1104 652 1217 allos,
685 1138 893 1178 nouercam
902 1119 1020 1178 solum
1024 1122 1136 1206 ari-rto
1170 1135 1174 1147 ·

55 1236 137 1282 »tem
169 1215 271 1275 colere
294 1229 416 1299 potest«
451 1212 531 1294 (ιι).
581 1190 653 1283 Non
684 1215 786 1275 minua
817 1217 899 1278 clara
930 1215 1008 1278 hacc
1040 1222 1137 1282 verba

10 1360 13 1375 .
55 1328 146 1377 sunt:
174 1314 279 1394 »Ergo
294 1308 543 1420 ,justitiahaec’
538 1331 603 1370 non
625 1312 750 1374 virtutis
782 1335 876 1395 pars
878 1326 927 1375 eat
954 1317 1012 1377 secl
1038 1318 1139 1379 viatu

57 1427 125 1475 »tus
146 1398 761 1494 univc1·sa(c'lluolp’compactum
786 1412 880 1493 (32).-
904 1415 1017 1496 Itaque
1050 1435 1139 1483 acce

54 1515 133 1575 dere
155 1507 306 1594 justitiam
334 1507 384 1566 ad
406 1524 531 1570 omnem
560 1507 672 1588 agendi
701 1509 873 1590 rationem,
914 1524 950 1572 ut
969 1512 1141 1611 {moraliter
1163 1543 1169 1559 ι

53 1613 141 1672 bona
168 1594 240 1686 liat,
286 1624 350 1664 nou
387 1607 489 1666 solum
520 1600 739 1666 necessarium
765 1628 830 1668 non
862 1624 955 1689 est,
947 1609 1021 1672 sed
1047 1578 1140 1672 etiam
1215 1654 1218 1667 .

56 1724 157 1774 extra
173 1707 337 1816 justitium
358 1705 560 1766 secuudum
551 1728 654 1789 rpsum
673 1690 881 1789 Aristotelem
899 1711 1000 1772 virtus
1019 1721 1067 1770 est
1086 1706 1142 1777 ali

58 1829 129 1892 qua,
148 1798 306 1864 nimirum
317 1824 363 1878 ea,
383 1821 477 1886 quom
498 1804 574 1890 colit
596 1806 669 1886 (vel
683 1804 790 1865 colere
807 1809 929 1887 potest)
949 1809 1073 1868 nonnisi
1093 1829 1142 1868 se

56 1925 130 1967 cum
154 1921 259 1984 agens.
301 1902 373 1968 Iuro
393 1901 575 2010 »plerique‚
606 1902 726 1985 inquit,
758 1903 791 1961 in
811 1907 877 1973 suis
898 1904 1026 1986 quidem
1041 1890 1143 1969 rebus

57 2007 199 2068 uoirtute
224 2001 272 2063 uti
301 2007 454 2081 possunt,
484 1995 575 2056 iniis
596 2009 718 2078 autem,
758 2022 833 2083 quea
854 2000 972 2069 habent
994 2027 1062 2091 cupa
1091 2007 1145 2066 al..
1199 2060 1208 2083 θ

59 2123 171 2178 clero,
192 2124 255 2163 non
274 2109 410 2180 possunt
429 2097 529 2178 (ι3)ι
571 2096 606 2155 ln
627 2095 676 2158 his
697 2097 801 2159 autem
823 2100 908 2180 solis,
929 2114 1080 2184 utsupra
1099 2102 1146 2167 vi

48 2206 182 2279 -dimus,
201 2197 317 2300 justitia
337 2208 492 2258 versatur

95 2293 269 2361 Rectius
291 2313 370 2377 ergo
393 2291 585 2374 Giphaniust:
631 2309 812 2376 »comparat
832 2315 900 2357 eam
932 2296 1053 2381 inquit,
1075 2320 1149 2365 cum.

18 2449 22 2453 .
58 2401 200 2466 „virtute
223 2384 262 2455 in
290 2410 409 2476 genere
439 2401 579 2449 sumtam.
628 2393 671 2452 Et
710 2393 846 2474 primum
885 2394 1032 2480 (pridem,
1076 2419 1145 2460 esse

37 2497 211 2585 ,squidem
230 2491 422 2576 perfectam,
448 2508 513 2547 non
536 2487 722 2569 simpliciter
744 2504 777 2553 et
796 2491 958 2573 absolute,
979 2497 1053 2556 sed
1063 2498 1148 2558 com·

57 2607 202 2681 sperate.
254 2594 332 2652 Nam
360 2600 396 2648 ut
425 2607 521 2667 supra
549 2584 605 2644 lib
640 2609 665 2647 1.
697 2588 903 2671 docuimus,
901 2613 979 2677 „cap
999 2620 1029 2678 7.
1051 2595 1147 2675 inf.
1187 2649 1192 2659 ,

61 2692 210 2758 »virtutis
230 2689 393 2775 perfectae
414 2682 583 2766 appellatio
609 2685 791 2748 attribuitur
811 2690 932 2767 tribus,
961 2690 1154 2776 fortitudini,
1184 2699 1189 2706 '
1217 2759 1221 2766 ¹

62 2792 192 2873 ’virtuti
213 2792 246 2851 iu
266 2805 428 2872 genere,
439 2779 528 2864 quod
549 2803 659 2843 omnes
682 2783 739 2843 sub
761 2805 795 2845 se
816 2788 939 2876 species
962 2787 1150 2868 complecta·

61 2905 136 2954 »tur
159 2900 193 2949 et
212 2883 347 2970 justitiae
370 2877 518 2961 generali.
569 2881 619 2938 Ex
639 2880 757 2962 quibus
774 2868 897 2944 duobus
918 2883 1151 2968 posterioribus

62 2988 185 3051 ,virtus
206 2979 364 3068 quidem'
355 3001 387 3037 ιιι
410 2996 529 3059 genere
560 2990 661 3038 sumta
691 2992 739 3040 est
759 2981 862 3045 virtus
892 2981 1035 3067 perfecta
1060 2981 1151 3071 abso·
1185 2991 1187 2996 '

64 3088 151 3148 »lute
170 3079 323 3197 ,justitia
344 3097 423 3139 te1o
450 3077 606 3158 generalis
628 3093 817 3159 comparato.
859 3085 938 3144 Nam
966 3082 1055 3143 illa
1047 3105 1079 3144 ιιι
1108 3101 1158 3160 se,
1175 3096 1202 3149 ,“
1263 3087 1283 3169 κ’

63 3184 203 3248 »haec
194 3205 228 3243 m
257 3196 318 3241 usu
347 3171 386 3237 ad
418 3164 514 3233 alium‘
538 3191 719 3260 spectatur,
752 3193 789 3240 ut
817 3180 898 3241 iufra
937 3158 1153 3246 osteudetur.s
1207 3256 1212 3266 .

65 3286 130 3344 Ει·
152 3288 336 3359 »comparat
355 3275 420 3336 boc
441 3276 546 3337 loco
534 3276 684 3360 justitiam
711 3255 891 3358 generalem
921 3297 993 3348 cum
1019 3276 1153 3353 ¹uirtute·

66 3399 156 3442 resse
176 3375 306 3461 quidem
329 3374 461 3434 candem
481 3395 518 3434 re
529 3393 634 3453 ,·seu,
679 3388 716 3437 ut
736 3375 831 3456 vulgo
863 3377 1055 3461 loquuntur,
1083 3374 1156 3435 sub-

69 3479 175 3569 »jecto
197 3494 263 3536 nou
286 3488 391 3570 tamen
412 3475 536 3535 ratione
567 3463 672 3558 λογῳ,
702 3494 759 3535 seu
785 3496 829 3557 τῳ
863 3474 957 3541 εἶναι.
1009 3479 1045 3536 ld
1074 3479 1156 3543 enim

55 3574 171 3638 'svalet
189 3596 234 3656 τῳ
258 3571 342 3638 εἶναι
365 3575 433 3635 hoc
448 3573 542 3646 loco,
575 3587 612 3634 ut
632 3586 665 3634 et
686 3570 759 3633 alias
780 3592 896 3657 saepe,
926 3597 990 3636 uon
1011 3577 1155 3652 essentia,

65 3686 123 3735 »ut
144 3638 270 3756 quirlam
291 3681 420 3732 vertunt
442 3670 552 3750 (rapu

69 3790 343 3810 m

33 3890 41 3897 ,
106 3843 156 3905 11)
192 3837 345 3907 Aristotel.
361 3837 449 3888 Ethic
469 3836 517 3888 lib.
536 3839 568 3890 V.
588 3857 645 3910 cap.
665 3843 685 3893 Ι
704 3860 730 3892 ιι
749 3839 791 3906 15,
810 3834 854 3894 ed.
874 3845 936 3895 Zell.

99 3923 149 3993 12)
183 3892 457 3983 thid.1l.1b.'
539 3924 544 3931 ’

65 4007 153 4074 ,13)
190 4009 281 4060 Ethic
304 4012 320 4061 l.
341 4029 362 4061 c
382 4031 408 4062 n.
428 4013 467 4070 15.

10 4132 17 4145 .
103 4093 156 4159 14)
191 4092 314 4166 Gipban.
335 4107 480 4149 comment.
501 4100 547 4154 cit.
565 4097 616 4154 lib.
634 4097 660 4154 5.
677 4115 705 4166 p.
723 4096 785 4161 341,
801 4090 861 4149 343.

87 4234 93 4263 Ι
