2602 4538
551 309 674 376 “⁴17
713 323 753 344 ι*

101 457 332 545 blasphemum,
356 471 530 520 creaturam
552 453 680 535 finitam,
710 474 903 542 pauper,em
939 429 1100 545 fragilem,
1122 468 1191 527 Dei

100 558 236 636 infiniti,
270 549 498 641 potentissimi,
536 556 628 627 nullis
650 550 945 633 comminationibus
980 560 1110 627 obnoxii
1139 587 1192 628 ve·

101 660 160 721 luti
183 671 308 720 causam
328 663 443 738 agere,
473 673 651 766 gerereque
672 647 773 718 vices!
821 655 998 751 Quasiveto
1027 673 1101 722 ιιοιι
1124 676 1193 728 cer·
1249 716 1252 721 .

101 758 223 820 tissime
245 756 287 816 ite
310 750 412 815 omnis
433 749 511 814 vera
530 742 632 814 virtus
657 748 871 834 exstirpetur!
914 752 1012 848 Quasi
1040 775 1104 823 non
1124 755 1193 850 ipsa

99 842 203 918 virius
236 855 267 913 in
287 852 401 914 vitium
422 860 601 928 vertatur,
621 872 694 912 cum
721 852 768 911 vis
796 863 926 912 externa
954 866 1196 944 poenarumque

99 953 221 1014 horror
241 951 382 1034 justitiae
406 967 441 1008 ao
461 938 588 1008 virtutis
610 950 750 1029 speciem
763 963 849 1031 prae
867 969 900 1008 se
915 948 1193 1021 fe1eutesomnem

101 1069 119 1108 a
140 1047 266 1107 virtufis
288 1049 340 1108 via
361 1045 594 1106 aberrationem
614 1046 756 1108 vindices
772 1062 1014 1132 persequantur,
1035 1060 1139 1139 neque
1160 1049 1194 1118 id
1261 1075 1285 1129 ᾗ

104 1145 232 1230 quidem
253 1144 437 1226 permittant
457 1147 495 1205 ul
514 1133 567 1205 tel
567 1139 688 1228 possit
708 1144 819 1229 aliquis
840 1141 1008 1208 aberrare!
1263 1214 1265 1219 A

187 1239 228 1309 V.
267 1244 337 1303 Jam
367 1233 457 1325 quod
493 1238 533 1300 ad
561 1215 808 1319 discernendam
834 1242 983 1304 iustitiam
1012 1244 1118 1333 injusti
1120 1250 1197 1318 tiam

102 1361 167 1425 que
187 1341 410 1423 particularem
430 1337 469 1398 ab
490 1339 660 1400 universali
680 1340 888 1415 adtinet,'1n
908 1339 971 1405 hoc
1000 1357 1064 1408 non
1073 1336 1202 1438 aeque

101 1439 178 1500 {elix
216 1437 316 1498 luisse
351 1437 550 1498 Aristoteles
592 1430 684 1516 uoltis
719 1431 874 1501 ridetur.
919 1441 991 1502 Non
1021 1441 1206 1539 dubitamus,
1242 1446 1273 1463 '¹

99 1540 202 1615 enim,
250 1538 327 1621 quin
355 1537 493 1596 lectores
522 1507 688 1594 nobiscum
723 1532 830 1597 verbis
868 1529 928 1597 illis
959 1559 1051 1620 supsa
1080 1546 1195 1632 allatis,

103 1636 243 1722 quamvis
263 1650 353 1696 roote
379 1654 419 1694 ex
439 1633 598 1716 principio
622 1626 773 1710 collectis,
791 1627 906 1698 offensi
922 1635 1058 1698 luerint:
1082 1644 1196 1723 ιιΡιειιιΓ

104 1749 212 1797 nterea
240 1734 336 1818 siquis
358 1747 510 1816 quaestus
530 1725 621 1801 ca'usa
641 1731 842 1804 adulterium
851 1737 1040 1812 committam
1076 1753 1197 1804 merce

105 1830 261 1927 »demque
285 1833 378 1892 etiam
406 1822 510 1906 ierat,
540 1824 617 1890 alius
650 1835 754 1890 antem
783 1823 971 1914 cupiditate
987 1832 1194 1904 lullammattis
1270 1840 1277 1852 ’

101 1920 210 1994 sidem
232 1930 342 2003 faciat,
366 1929 442 1989 dans
467 1929 571 1989 etiam
582 1926 701 2010 aliquid
724 1917 764 1986 de
785 1941 843 1989 suo
853 1927 1100 2017 ,jacturamque
1121 1952 1195 2000 suae
1275 1930 1278 1937 ’

104 2029 175 2091 »rei
198 2024 336 2095 iaciens:
360 2030 412 2087 luc
434 2026 563 2111 quidem
592 2021 813 2112 intemperans
840 2027 965 2110 potius,
1006 2052 1098 2114 quarn
1125 2026 1201 2119 plut
1259 2060 1263 2067 ·

105 2127 186 2189 »sibi
218 2145 341 2186 sumens
370 2139 403 2185 et
429 2124 591 2187 vindicans
621 2122 770 2186 rideturt
790 2124 858 2186 ,itte
880 2124 983 2191 autent
1001 2127 1139 2211 injustus
1166 2147 1198 2197 at
1233 2122 1237 2128 ⁵

104 2248 188 2289 >mon
208 2225 442 2338 intemperans,
464 2226 639 2305 propterea
660 2220 801 2301 scilicet,
831 2216 904 2307 quia
932 2217 1083 2310 quaestus
1106 2248 1197 2292 causa

101 2320 219 2401 eiecit,
249 2313 408 2406 (ἂῆλοιι’
385 2332 450 2406 opu
471 2319 524 2387 ὅτι
551 2318 607 2384 dni
626 2343 664 2384 to
658 2316 924 2439 aspectant«
905 2326 1015 2407 «(23)

185 2427 324 2513 Verum
351 2415 446 2506 quod
472 2441 537 2481 non
564 2414 667 2480 minus
696 2416 833 2497 mireris,
862 2420 966 2509 ipsum
987 2421 1199 2523 adulterium,
1239 2502 1242 2506 ¹

103 2525 150 2608 abl
167 2478 340 2609 injustititie
362 2516 559 2602 particularis
586 2536 708 2630 genere
738 2518 912 2598 seclusum,
940 2524 1035 2603 paulo
1063 2537 1137 2607 post
1164 2517 1198 2586 in

102 2624 218 2688 eodem
264 2617 462 2680 restituitur.¹
517 2615 597 2677 Sunt
636 2614 720 2675 onim
763 2613 938 2679 secundum
991 2613 1196 2686 Aristotelem
1291 2664 1293 2668 ι

57 2736 61 2743 “
97 2720 185 2784 duae
206 2718 344 2805 justitiae
372 2715 569 2798 particularis
600 2715 742 2796 species,
787 2725 920 2798 quarum
949 2721 1087 2781 secunda
1120 2721 1195 2782 item

103 2819 180 2884 duas
203 2811 446 2898 complectitur,
477 2827 648 2897 earumque
670 2811 710 2872 ad
730 2812 859 2889 alteram
891 2819 1021 2896 praeter
1053 2807 1194 2896 disten,

98 2918 296 2984 teneficium
336 2927 368 2972 ct
389 2913 457 2988 alia,
479 2909 578 2971 ctiam
602 2911 796 2972 adnltertum
822 2911 962 2991 pertinet
983 2920 1055 2998 (ιιι)
1078 2931 1110 2977 et
1140 2921 1195 3003 qui

102 3020 177 3081 dcm
200 3017 282 3077 nulla
310 3008 414 3072 habita
446 3007 593 3094 lpuaestus
634 3008 766 3069 ratione.
817 3005 912 3098 Quae
931 3019 1091 3101 utcunque
1114 3018 1194 3094 sint,
1204 3047 1207 3050 ·

57 3178 63 3187 ,
99 3116 188 3179 illam
216 3115 372 3175 rationem
400 3107 582 3170 habendam
620 3123 690 3168 esse
724 3097 792 3167 'eliis
822 3108 899 3169 locis
936 3110 974 3170 ab
1020 3113 1074 3175 m
1071 3106 1193 3176 estete
1246 3110 1250 3117 ’

101 3214 219 3277 clarius
241 3210 368 3272 delent
359 3220 443 3284 rtur,
465 3222 558 3290 quam
578 3220 613 3266 ut
634 3207 724 3265 aliam
745 3189 897 3289 quandam
919 3211 1117 3290 particularis
1148 3213 1194 3272 iu·

80 3311 243 3399 ¹justitiae
275 3325 378 3370 notam
411 3309 495 3389 apud
528 3303 664 3367 eundem
692 3304 852 3380 invenias,
902 3306 990 3388 quod
1027 3328 1067 3369 ex
1096 3309 1193 3372 allatis

100 3434 201 3505 supra
221 3407 327 3471 verbis
350 3409 422 3468 satis
444 3420 605 3488 superque
628 3403 762 3491 intelligi
782 3404 866 3464 licet.
904 3407 946 3465 Et
968 3406 1060 3468 etiarn
1088 3420 1196 3474 nostia

100 3516 209 3571 aetate
230 3507 419 3590 quandoque
442 3517 510 3562 cam
530 3503 703 3586 praecipue
726 3497 944 3584 appellamus
933 3505 1091 3586 justitiam,
1114 3499 1193 3590 (piae

97 3607 234 3671 alterius
256 3605 353 3667 latsio
374 3605 533 3664 bonorum
555 3610 604 3664 est
625 3617 657 3663 et
676 3620 737 3684 per
758 3624 813 3686 qur
813 3617 924 3661 testum
946 3600 1009 3663 lit
1000 3604 1113 3685 rujmia
1130 3604 1192 3664 l'ac·
1266 3615 1270 3624 '

98 3717 189 3784 tum3
230 3721 417 3787 quamquam
449 3702 476 3762 is
508 3717 583 3762 usus
613 3700 766 3784 loquendi
795 3699 833 3758 ab
855 3713 998 3764 accurata
1027 3714 1059 3762 et
1081 3715 1192 3763 severa

97 3803 184 3886 juris
205 3800 371 3886 disciplina
394 3799 647 3863 exterminandus
669 3808 725 3859 est.
768 3797 1190 3890 QuodautcmA1·ist0telcs

96 3935 284 3958 ...ffl-

136 4016 188 4087 23)
226 4019 314 4070 Ethic.
335 4018 383 4068 lib.
403 4018 435 4068 V.
455 4036 513 4087 cap.
534 4018 567 4067 ll.
588 4032 614 4065 ιι.
633 4013 657 4064 4.

136 4106 190 4168 24)
226 4105 318 4162 ethic.
336 4105 385 4156 lib.
405 4105 436 4183 V
456 4123 515 4172 cap.
536 4106 571 4159 ll.
589 4120 615 4152 ιι.
636 4102 677 4162 13.
